@article{omar2017hazelnut,
  title={Hazelnut: a bidirectionally typed structure editor calculus},
  author={Omar, Cyrus and Voysey, Ian and Hilton, Michael and Aldrich, Jonathan and Hammer, Matthew A},
  journal={ACM SIGPLAN Notices},
  volume={52},
  number={1},
  pages={86--99},
  year={2017},
  publisher={ACM New York, NY, USA}
}

@book{aho2007compilers,
  title={Compilers: principles, techniques, and tools},
  author={Aho, Alfred V and Sethi, Ravi and Ullman, Jeffrey D},
  volume={2},
  year={2007},
  publisher={Addison-wesley Reading}
}

@article{ferreira2012compiler,
  title={A Compiler for the dependently typed language Beluga},
  author={Ferreira Ruiz, Francisco},
  year={2012}
}

@article{harper1993framework,
  title={A framework for defining logics},
  author={Harper, Robert and Honsell, Furio and Plotkin, Gordon},
  journal={Journal of the ACM (JACM)},
  volume={40},
  number={1},
  pages={143--184},
  year={1993},
  publisher={ACM New York, NY, USA}
}

@article{pientka2013insider,
  title={An insider's look at LF type reconstruction: everything you (n) ever wanted to know},
  author={Pientka, Brigitte},
  journal={Journal of Functional Programming},
  volume={23},
  number={1},
  pages={1--37},
  year={2013},
  publisher={Cambridge University Press}
}

@article{thibodeau2021intensional,
  title={An intensional type theory of coinduction with copatterns},
  author={Thibodeau, David},
  year={2021}
}

@inproceedings{ferreira2014bidirectional,
  title={Bidirectional elaboration of dependently typed programs},
  author={Ferreira, Francisco and Pientka, Brigitte},
  booktitle={Proceedings of the 16th International Symposium on Principles and Practice of Declarative Programming},
  pages={161--174},
  year={2014}
}

@inproceedings{ferreira2013compiling,
  title={Compiling contextual objects: bringing higher-order abstract syntax to programmers},
  author={Ferreira, Francisco and Monnier, Stefan and Pientka, Brigitte},
  booktitle={Proceedings of the 7th workshop on Programming languages meets program verification},
  pages={13--24},
  year={2013}
}

@article{abel2013copatterns,
  title={Copatterns: Programming infinite structures by observations},
  author={Abel, Andreas and Pientka, Brigitte and Thibodeau, David and Setzer, Anton},
  journal={ACM SIGPLAN Notices},
  volume={48},
  number={1},
  pages={27--38},
  year={2013},
  publisher={ACM New York, NY, USA}
}

@article{abel2010explicit,
  title={Explicit substitutions for contextual type theory},
  author={Abel, Andreas and Pientka, Brigitte},
  journal={arXiv preprint arXiv:1009.2789},
  year={2010}
}

@inproceedings{cave2013first,
  title={First-class substitutions in contextual type theory},
  author={Cave, Andrew and Pientka, Brigitte},
  booktitle={Proceedings of the Eighth ACM SIGPLAN international workshop on Logical frameworks \& meta-languages: theory \& practice},
  pages={15--24},
  year={2013}
}

@inproceedings{frost2008parser,
  title={Parser combinators for ambiguous left-recursive grammars},
  author={Frost, Richard A and Hafiz, Rahmatullah and Callaghan, Paul},
  booktitle={Practical Aspects of Declarative Languages: 10th International Symposium, PADL 2008, San Francisco, CA, USA, January 7-8, 2008. Proceedings 10},
  pages={167--181},
  year={2008},
  organization={Springer}
}

@inproceedings{danielsson2008parsing,
  title={Parsing Mixfix Operators.},
  author={Danielsson, Nils Anders and Norell, Ulf},
  booktitle={IFL},
  pages={80--99},
  year={2008},
  organization={Springer}
}

@article{dijkstra1961algol,
  title={Algol 60 translation: An Algol 60 translator for the x1 and Making a translator for Algol 60},
  author={Dijkstra, Edsger Wybe},
  journal={Stichting Mathematisch Centrum. Rekenafdeling},
  number={MR 34/61},
  year={1961},
  publisher={Stichting Mathematisch Centrum}
}

@article{afroozeh2019practical,
  title={Practical general top-down parsers},
  author={Afroozeh, A and Izmaylova, A},
  year={2019}
}

@article{ferreira2018proofs,
  title={Proofs and programs about open terms},
  author={Ferreira Ruiz, Francisco},
  year={2018}
}

@inproceedings{jim2010semantics,
  title={Semantics and algorithms for data-dependent grammars},
  author={Jim, Trevor and Mandelbaum, Yitzhak and Walker, David},
  booktitle={Proceedings of the 37th annual ACM SIGPLAN-SIGACT symposium on Principles of programming languages},
  pages={417--430},
  year={2010}
}

@article{mens2004survey,
  title={A survey of software refactoring},
  author={Mens, Tom and Tourw{\'e}, Tom},
  journal={IEEE Transactions on software engineering},
  volume={30},
  number={2},
  pages={126--139},
  year={2004},
  publisher={IEEE}
}

@article{teitelbaum1981cornell,
  title={The Cornell program synthesizer: a syntax-directed programming environment},
  author={Teitelbaum, Tim and Reps, Thomas},
  journal={Communications of the ACM},
  volume={24},
  number={9},
  pages={563--573},
  year={1981},
  publisher={ACM New York, NY, USA}
}
